%YAML 1.1
%TAG !u! tag:unity3d.com,2011:
--- !u!1 &3824212309492748676
GameObject:
  m_ObjectHideFlags: 0
  m_CorrespondingSourceObject: {fileID: 0}
  m_PrefabInstance: {fileID: 0}
  m_PrefabAsset: {fileID: 0}
  serializedVersion: 6
  m_Component:
  - component: {fileID: 356473419957773948}
  - component: {fileID: 8098966230341437414}
  m_Layer: 0
  m_Name: 01_Floor
  m_TagString: Objects
  m_Icon: {fileID: 0}
  m_NavMeshLayer: 0
  m_StaticEditorFlags: 0
  m_IsActive: 1
--- !u!4 &356473419957773948
Transform:
  m_ObjectHideFlags: 0
  m_CorrespondingSourceObject: {fileID: 0}
  m_PrefabInstance: {fileID: 0}
  m_PrefabAsset: {fileID: 0}
  m_GameObject: {fileID: 3824212309492748676}
  m_LocalRotation: {x: 0, y: 0, z: 0, w: 1}
  m_LocalPosition: {x: 0, y: 0, z: 0}
  m_LocalScale: {x: 0.75, y: 0.75, z: 0.75}
  m_Children:
  - {fileID: 1766938535891044371}
  - {fileID: 1766938536337977768}
  - {fileID: 1766938535909407365}
  - {fileID: 1766938537256569119}
  m_Father: {fileID: 0}
  m_RootOrder: 0
  m_LocalEulerAnglesHint: {x: 0, y: 0, z: 0}
--- !u!65 &8098966230341437414
BoxCollider:
  m_ObjectHideFlags: 0
  m_CorrespondingSourceObject: {fileID: 0}
  m_PrefabInstance: {fileID: 0}
  m_PrefabAsset: {fileID: 0}
  m_GameObject: {fileID: 3824212309492748676}
  m_Material: {fileID: 0}
  m_IsTrigger: 0
  m_Enabled: 1
  serializedVersion: 2
  m_Size: {x: 42, y: 2.2636473, z: 160}
  m_Center: {x: 0, y: 0.13182378, z: 46.33}
--- !u!1001 &2238240917940940532
PrefabInstance:
  m_ObjectHideFlags: 0
  serializedVersion: 2
  m_Modification:
    m_TransformParent: {fileID: 356473419957773948}
    m_Modifications:
    - target: {fileID: -8679921383154817045, guid: bc44c90512447464081a0555fc68f11e,
        type: 3}
      propertyPath: m_LocalPosition.x
      value: 0
      objectReference: {fileID: 0}
    - target: {fileID: -8679921383154817045, guid: bc44c90512447464081a0555fc68f11e,
        type: 3}
      propertyPath: m_LocalPosition.y
      value: 0
      objectReference: {fileID: 0}
    - target: {fileID: -8679921383154817045, guid: bc44c90512447464081a0555fc68f11e,
        type: 3}
      propertyPath: m_LocalPosition.z
      value: -13.400002
      objectReference: {fileID: 0}
    - target: {fileID: -8679921383154817045, guid: bc44c90512447464081a0555fc68f11e,
        type: 3}
      propertyPath: m_LocalRotation.x
      value: -0
      objectReference: {fileID: 0}
    - target: {fileID: -8679921383154817045, guid: bc44c90512447464081a0555fc68f11e,
        type: 3}
      propertyPath: m_LocalRotation.y
      value: 1
      objectReference: {fileID: 0}
    - target: {fileID: -8679921383154817045, guid: bc44c90512447464081a0555fc68f11e,
        type: 3}
      propertyPath: m_LocalRotation.z
      value: -0
      objectReference: {fileID: 0}
    - target: {fileID: -8679921383154817045, guid: bc44c90512447464081a0555fc68f11e,
        type: 3}
      propertyPath: m_LocalRotation.w
      value: 0
      objectReference: {fileID: 0}
    - target: {fileID: -8679921383154817045, guid: bc44c90512447464081a0555fc68f11e,
        type: 3}
      propertyPath: m_RootOrder
      value: 3
      objectReference: {fileID: 0}
    - target: {fileID: -8679921383154817045, guid: bc44c90512447464081a0555fc68f11e,
        type: 3}
      propertyPath: m_LocalEulerAnglesHint.x
      value: 0
      objectReference: {fileID: 0}
    - target: {fileID: -8679921383154817045, guid: bc44c90512447464081a0555fc68f11e,
        type: 3}
      propertyPath: m_LocalEulerAnglesHint.y
      value: 0
      objectReference: {fileID: 0}
    - target: {fileID: -8679921383154817045, guid: bc44c90512447464081a0555fc68f11e,
        type: 3}
      propertyPath: m_LocalEulerAnglesHint.z
      value: 0
      objectReference: {fileID: 0}
    - target: {fileID: -8679921383154817045, guid: bc44c90512447464081a0555fc68f11e,
        type: 3}
      propertyPath: m_LocalScale.x
      value: 1
      objectReference: {fileID: 0}
    - target: {fileID: -8679921383154817045, guid: bc44c90512447464081a0555fc68f11e,
        type: 3}
      propertyPath: m_LocalScale.y
      value: 1
      objectReference: {fileID: 0}
    - target: {fileID: -8679921383154817045, guid: bc44c90512447464081a0555fc68f11e,
        type: 3}
      propertyPath: m_LocalScale.z
      value: 1
      objectReference: {fileID: 0}
    - target: {fileID: -7511558181221131132, guid: bc44c90512447464081a0555fc68f11e,
        type: 3}
      propertyPath: m_Materials.Array.data[0]
      value: 
      objectReference: {fileID: 2100000, guid: 1e08197ba901958499141fb56a1e0769, type: 2}
    - target: {fileID: 919132149155446097, guid: bc44c90512447464081a0555fc68f11e,
        type: 3}
      propertyPath: m_Name
      value: floortile_final (1)
      objectReference: {fileID: 0}
    m_RemovedComponents: []
  m_SourcePrefab: {fileID: 100100000, guid: bc44c90512447464081a0555fc68f11e, type: 3}
--- !u!4 &1766938537256569119 stripped
Transform:
  m_CorrespondingSourceObject: {fileID: -8679921383154817045, guid: bc44c90512447464081a0555fc68f11e,
    type: 3}
  m_PrefabInstance: {fileID: 2238240917940940532}
  m_PrefabAsset: {fileID: 0}
--- !u!1001 &2238240918834697795
PrefabInstance:
  m_ObjectHideFlags: 0
  serializedVersion: 2
  m_Modification:
    m_TransformParent: {fileID: 356473419957773948}
    m_Modifications:
    - target: {fileID: -8679921383154817045, guid: bc44c90512447464081a0555fc68f11e,
        type: 3}
      propertyPath: m_LocalPosition.x
      value: 0
      objectReference: {fileID: 0}
    - target: {fileID: -8679921383154817045, guid: bc44c90512447464081a0555fc68f11e,
        type: 3}
      propertyPath: m_LocalPosition.y
      value: 0
      objectReference: {fileID: 0}
    - target: {fileID: -8679921383154817045, guid: bc44c90512447464081a0555fc68f11e,
        type: 3}
      propertyPath: m_LocalPosition.z
      value: 66.44
      objectReference: {fileID: 0}
    - target: {fileID: -8679921383154817045, guid: bc44c90512447464081a0555fc68f11e,
        type: 3}
      propertyPath: m_LocalRotation.x
      value: -0
      objectReference: {fileID: 0}
    - target: {fileID: -8679921383154817045, guid: bc44c90512447464081a0555fc68f11e,
        type: 3}
      propertyPath: m_LocalRotation.y
      value: 1
      objectReference: {fileID: 0}
    - target: {fileID: -8679921383154817045, guid: bc44c90512447464081a0555fc68f11e,
        type: 3}
      propertyPath: m_LocalRotation.z
      value: -0
      objectReference: {fileID: 0}
    - target: {fileID: -8679921383154817045, guid: bc44c90512447464081a0555fc68f11e,
        type: 3}
      propertyPath: m_LocalRotation.w
      value: 0
      objectReference: {fileID: 0}
    - target: {fileID: -8679921383154817045, guid: bc44c90512447464081a0555fc68f11e,
        type: 3}
      propertyPath: m_RootOrder
      value: 1
      objectReference: {fileID: 0}
    - target: {fileID: -8679921383154817045, guid: bc44c90512447464081a0555fc68f11e,
        type: 3}
      propertyPath: m_LocalEulerAnglesHint.x
      value: 0
      objectReference: {fileID: 0}
    - target: {fileID: -8679921383154817045, guid: bc44c90512447464081a0555fc68f11e,
        type: 3}
      propertyPath: m_LocalEulerAnglesHint.y
      value: 180
      objectReference: {fileID: 0}
    - target: {fileID: -8679921383154817045, guid: bc44c90512447464081a0555fc68f11e,
        type: 3}
      propertyPath: m_LocalEulerAnglesHint.z
      value: 0
      objectReference: {fileID: 0}
    - target: {fileID: -8679921383154817045, guid: bc44c90512447464081a0555fc68f11e,
        type: 3}
      propertyPath: m_LocalScale.x
      value: 1
      objectReference: {fileID: 0}
    - target: {fileID: -8679921383154817045, guid: bc44c90512447464081a0555fc68f11e,
        type: 3}
      propertyPath: m_LocalScale.y
      value: 1
      objectReference: {fileID: 0}
    - target: {fileID: -8679921383154817045, guid: bc44c90512447464081a0555fc68f11e,
        type: 3}
      propertyPath: m_LocalScale.z
      value: 1
      objectReference: {fileID: 0}
    - target: {fileID: -7511558181221131132, guid: bc44c90512447464081a0555fc68f11e,
        type: 3}
      propertyPath: m_Materials.Array.data[0]
      value: 
      objectReference: {fileID: 2100000, guid: 1e08197ba901958499141fb56a1e0769, type: 2}
    - target: {fileID: 919132149155446097, guid: bc44c90512447464081a0555fc68f11e,
        type: 3}
      propertyPath: m_Name
      value: floortile_final
      objectReference: {fileID: 0}
    m_RemovedComponents: []
  m_SourcePrefab: {fileID: 100100000, guid: bc44c90512447464081a0555fc68f11e, type: 3}
--- !u!4 &1766938536337977768 stripped
Transform:
  m_CorrespondingSourceObject: {fileID: -8679921383154817045, guid: bc44c90512447464081a0555fc68f11e,
    type: 3}
  m_PrefabInstance: {fileID: 2238240918834697795}
  m_PrefabAsset: {fileID: 0}
--- !u!1001 &2238240919262944622
PrefabInstance:
  m_ObjectHideFlags: 0
  serializedVersion: 2
  m_Modification:
    m_TransformParent: {fileID: 356473419957773948}
    m_Modifications:
    - target: {fileID: -8679921383154817045, guid: bc44c90512447464081a0555fc68f11e,
        type: 3}
      propertyPath: m_LocalPosition.x
      value: 0
      objectReference: {fileID: 0}
    - target: {fileID: -8679921383154817045, guid: bc44c90512447464081a0555fc68f11e,
        type: 3}
      propertyPath: m_LocalPosition.y
      value: 0
      objectReference: {fileID: 0}
    - target: {fileID: -8679921383154817045, guid: bc44c90512447464081a0555fc68f11e,
        type: 3}
      propertyPath: m_LocalPosition.z
      value: 26.599998
      objectReference: {fileID: 0}
    - target: {fileID: -8679921383154817045, guid: bc44c90512447464081a0555fc68f11e,
        type: 3}
      propertyPath: m_LocalRotation.x
      value: -0
      objectReference: {fileID: 0}
    - target: {fileID: -8679921383154817045, guid: bc44c90512447464081a0555fc68f11e,
        type: 3}
      propertyPath: m_LocalRotation.y
      value: 1
      objectReference: {fileID: 0}
    - target: {fileID: -8679921383154817045, guid: bc44c90512447464081a0555fc68f11e,
        type: 3}
      propertyPath: m_LocalRotation.z
      value: -0
      objectReference: {fileID: 0}
    - target: {fileID: -8679921383154817045, guid: bc44c90512447464081a0555fc68f11e,
        type: 3}
      propertyPath: m_LocalRotation.w
      value: 0
      objectReference: {fileID: 0}
    - target: {fileID: -8679921383154817045, guid: bc44c90512447464081a0555fc68f11e,
        type: 3}
      propertyPath: m_RootOrder
      value: 2
      objectReference: {fileID: 0}
    - target: {fileID: -8679921383154817045, guid: bc44c90512447464081a0555fc68f11e,
        type: 3}
      propertyPath: m_LocalEulerAnglesHint.x
      value: 0
      objectReference: {fileID: 0}
    - target: {fileID: -8679921383154817045, guid: bc44c90512447464081a0555fc68f11e,
        type: 3}
      propertyPath: m_LocalEulerAnglesHint.y
      value: 180
      objectReference: {fileID: 0}
    - target: {fileID: -8679921383154817045, guid: bc44c90512447464081a0555fc68f11e,
        type: 3}
      propertyPath: m_LocalEulerAnglesHint.z
      value: 0
      objectReference: {fileID: 0}
    - target: {fileID: -8679921383154817045, guid: bc44c90512447464081a0555fc68f11e,
        type: 3}
      propertyPath: m_LocalScale.x
      value: 1
      objectReference: {fileID: 0}
    - target: {fileID: -8679921383154817045, guid: bc44c90512447464081a0555fc68f11e,
        type: 3}
      propertyPath: m_LocalScale.y
      value: 1
      objectReference: {fileID: 0}
    - target: {fileID: -8679921383154817045, guid: bc44c90512447464081a0555fc68f11e,
        type: 3}
      propertyPath: m_LocalScale.z
      value: 1
      objectReference: {fileID: 0}
    - target: {fileID: -7511558181221131132, guid: bc44c90512447464081a0555fc68f11e,
        type: 3}
      propertyPath: m_Materials.Array.data[0]
      value: 
      objectReference: {fileID: 2100000, guid: 1e08197ba901958499141fb56a1e0769, type: 2}
    - target: {fileID: 919132149155446097, guid: bc44c90512447464081a0555fc68f11e,
        type: 3}
      propertyPath: m_Name
      value: floortile_final
      objectReference: {fileID: 0}
    m_RemovedComponents: []
  m_SourcePrefab: {fileID: 100100000, guid: bc44c90512447464081a0555fc68f11e, type: 3}
--- !u!4 &1766938535909407365 stripped
Transform:
  m_CorrespondingSourceObject: {fileID: -8679921383154817045, guid: bc44c90512447464081a0555fc68f11e,
    type: 3}
  m_PrefabInstance: {fileID: 2238240919262944622}
  m_PrefabAsset: {fileID: 0}
--- !u!1001 &2238240919306465272
PrefabInstance:
  m_ObjectHideFlags: 0
  serializedVersion: 2
  m_Modification:
    m_TransformParent: {fileID: 356473419957773948}
    m_Modifications:
    - target: {fileID: -8679921383154817045, guid: bc44c90512447464081a0555fc68f11e,
        type: 3}
      propertyPath: m_LocalPosition.x
      value: 0
      objectReference: {fileID: 0}
    - target: {fileID: -8679921383154817045, guid: bc44c90512447464081a0555fc68f11e,
        type: 3}
      propertyPath: m_LocalPosition.y
      value: 0
      objectReference: {fileID: 0}
    - target: {fileID: -8679921383154817045, guid: bc44c90512447464081a0555fc68f11e,
        type: 3}
      propertyPath: m_LocalPosition.z
      value: 106.25
      objectReference: {fileID: 0}
    - target: {fileID: -8679921383154817045, guid: bc44c90512447464081a0555fc68f11e,
        type: 3}
      propertyPath: m_LocalRotation.x
      value: -0
      objectReference: {fileID: 0}
    - target: {fileID: -8679921383154817045, guid: bc44c90512447464081a0555fc68f11e,
        type: 3}
      propertyPath: m_LocalRotation.y
      value: 1
      objectReference: {fileID: 0}
    - target: {fileID: -8679921383154817045, guid: bc44c90512447464081a0555fc68f11e,
        type: 3}
      propertyPath: m_LocalRotation.z
      value: -0
      objectReference: {fileID: 0}
    - target: {fileID: -8679921383154817045, guid: bc44c90512447464081a0555fc68f11e,
        type: 3}
      propertyPath: m_LocalRotation.w
      value: 0
      objectReference: {fileID: 0}
    - target: {fileID: -8679921383154817045, guid: bc44c90512447464081a0555fc68f11e,
        type: 3}
      propertyPath: m_RootOrder
      value: 0
      objectReference: {fileID: 0}
    - target: {fileID: -8679921383154817045, guid: bc44c90512447464081a0555fc68f11e,
        type: 3}
      propertyPath: m_LocalEulerAnglesHint.x
      value: 0
      objectReference: {fileID: 0}
    - target: {fileID: -8679921383154817045, guid: bc44c90512447464081a0555fc68f11e,
        type: 3}
      propertyPath: m_LocalEulerAnglesHint.y
      value: 180
      objectReference: {fileID: 0}
    - target: {fileID: -8679921383154817045, guid: bc44c90512447464081a0555fc68f11e,
        type: 3}
      propertyPath: m_LocalEulerAnglesHint.z
      value: 0
      objectReference: {fileID: 0}
    - target: {fileID: -8679921383154817045, guid: bc44c90512447464081a0555fc68f11e,
        type: 3}
      propertyPath: m_LocalScale.x
      value: 1
      objectReference: {fileID: 0}
    - target: {fileID: -8679921383154817045, guid: bc44c90512447464081a0555fc68f11e,
        type: 3}
      propertyPath: m_LocalScale.y
      value: 1
      objectReference: {fileID: 0}
    - target: {fileID: -8679921383154817045, guid: bc44c90512447464081a0555fc68f11e,
        type: 3}
      propertyPath: m_LocalScale.z
      value: 1
      objectReference: {fileID: 0}
    - target: {fileID: -7511558181221131132, guid: bc44c90512447464081a0555fc68f11e,
        type: 3}
      propertyPath: m_Materials.Array.data[0]
      value: 
      objectReference: {fileID: 2100000, guid: 1e08197ba901958499141fb56a1e0769, type: 2}
    - target: {fileID: 919132149155446097, guid: bc44c90512447464081a0555fc68f11e,
        type: 3}
      propertyPath: m_Name
      value: floortile_final
      objectReference: {fileID: 0}
    m_RemovedComponents: []
  m_SourcePrefab: {fileID: 100100000, guid: bc44c90512447464081a0555fc68f11e, type: 3}
--- !u!4 &1766938535891044371 stripped
Transform:
  m_CorrespondingSourceObject: {fileID: -8679921383154817045, guid: bc44c90512447464081a0555fc68f11e,
    type: 3}
  m_PrefabInstance: {fileID: 2238240919306465272}
  m_PrefabAsset: {fileID: 0}
